<record><leader>00000cas a22000007a 4500</leader><controlfield tag="001">10579950</controlfield><controlfield tag="008">840330d18741876nbudn ne      0    0eng d</controlfield><datafield ind1=" " ind2=" " tag="010"><subfield code="a">sn 84022813 </subfield></datafield><datafield ind1=" " ind2=" " tag="040"><subfield code="a">NPX</subfield><subfield code="b">eng</subfield><subfield code="c">NPX</subfield><subfield code="d">OCLCQ</subfield></datafield><datafield ind1=" " ind2=" " tag="042"><subfield code="a">msc</subfield></datafield><datafield ind1=" " ind2=" " tag="043"><subfield code="a">n-us-nb</subfield></datafield><datafield ind1="0" ind2=" " tag="130"><subfield code="a">Daily times (Kearney, Neb.)</subfield></datafield><datafield ind1="1" ind2="0" tag="245"><subfield code="a">Daily times.</subfield></datafield><datafield ind1=" " ind2=" " tag="260"><subfield code="a">Kearney, Neb. :</subfield><subfield code="b">[Times Print. Co.]</subfield></datafield><datafield ind1=" " ind2=" " tag="300"><subfield code="a">volumes</subfield></datafield><datafield ind1=" " ind2=" " tag="310"><subfield code="a">Daily (except Sun.)</subfield></datafield><datafield ind1=" " ind2=" " tag="336"><subfield code="a">text</subfield><subfield code="b">txt</subfield><subfield code="2">rdacontent</subfield></datafield><datafield ind1=" " ind2=" " tag="337"><subfield code="a">unmediated</subfield><subfield code="b">n</subfield><subfield code="2">rdamedia</subfield></datafield><datafield ind1=" " ind2=" " tag="338"><subfield code="a">volume</subfield><subfield code="b">nc</subfield><subfield code="2">rdacarrier</subfield></datafield><datafield ind1="1" ind2=" " tag="362"><subfield code="a">Began in May 1874; ceased in 1876.</subfield><subfield code="z">Cf. Hist. of Neb., 1882.</subfield></datafield><datafield ind1=" " ind2=" " tag="500"><subfield code="a">Editor: L.B. Cunningham, &lt;1876&gt;.</subfield></datafield><datafield ind1=" " ind2=" " tag="500"><subfield code="a">Publisher's name recorded in Rowell, 1877.</subfield></datafield><datafield ind1=" " ind2=" " tag="588"><subfield code="a">Description based on: Vol. 2, no. 208 (Mar. 8, 1876).</subfield></datafield><datafield ind1="1" ind2=" " tag="700"><subfield code="a">Cunningham, Lyman Beecher,</subfield><subfield code="d">1844-</subfield></datafield><datafield ind1=" " ind2=" " tag="752"><subfield code="a">United States</subfield><subfield code="b">Nebraska</subfield><subfield code="c">Buffalo</subfield><subfield code="d">Kearney.</subfield></datafield><datafield ind1="1" ind2=" " tag="029"><subfield code="a">AU@</subfield><subfield code="b">000025818296</subfield></datafield></record>